@misc{besharp,
    title = "beSharp.it",
    url  = "https://www.besharp.it/",
    addendum = "(visitato: \today)",
}

@misc{noovolari,
    title = "Road to Noovolari",
    url = "https://medium.com/leapp-cloud/road-to-noovolari-89df7704e315",
    addendum = "(visitato: \today)"}

@misc{leapp_github,
    title = "Github Noovolari/leapp",
    url  = "https://github.com/Noovolari/leapp",
    addendum = "(visitato: \today)",
}

@online{cloud_computing,
    author = "Peter Mell and Tim Grance",
    title = "The NIST Definition of Cloud Computing",
    url  = "https://nvlpubs.nist.gov/nistpubs/Legacy/SP/nistspecialpublication800-145.pdf",
    addendum = "(visitato: \today)",
}

@misc{multicloud,
    title = "Cos'è il multicloud?",
    url  = "https://www.vmware.com/it/topics/glossary/content/multi-cloud.html",
    addendum = "(visitato: \today)",
}

@misc{leapp_wiki,
    title = "Leapp Github Wiki",
    url  = "https://github.com/Noovolari/leapp/wiki",
    addendum = "(visitato: \today)",
}

@online{clean_architecture,
    author = "Robert C. Martin",
    title = "The Clean Architecture",
    url  = "https://blog.cleancoder.com/uncle-bob/2012/08/13/the-clean-architecture.html",
    addendum = "(visitato: \today)",
}

@online{dep_inj,
    author = "Drew Olson",
    title = "Dependency Injection in Go",
    url = "https://blog.drewolson.org/dependency-injection-in-go",
    addendum = "(visitato: \today)",
}

@online{clean_implementation,
    author = "Manuel Kießling",
    title = "Applying The Clean Architecture to Go applications",
    url  = "https://manuel.kiessling.net/2012/09/28/applying-the-clean-architecture-to-go-applications/",
    addendum = "(visitato: \today)",
}

@inbook{go_with_domain,
    author = "Robert Laszczak and Miłosz Smółka",
    title = "Go With Domain",
    year = "2021-04-08",
    chapter = "7",
}

@misc{alibaba_ram,
    title = "Alibaba RAM Documentation",
    url  = "https://www.alibabacloud.com/help/doc-detail/28627.htm",
    addendum = "(visitato: \today)",
}

@misc{alibaba_users,
    title = "Alibaba Users Documentation",
    url  = "https://www.alibabacloud.com/help/doc-detail/122148.htm",
    addendum = "(visitato: \today)",
}

@misc{alibaba_roles,
    title = "Alibaba Roles Documentation",
    url  = "https://www.alibabacloud.com/help/doc-detail/93689.htm",
    addendum = "(visitato: \today)",
}

@misc{alibaba_ak,
    title = "Alibaba AccessKey Documentation",
    url  = "https://www.alibabacloud.com/help/doc-detail/29009.htm",
    addendum = "(visitato: \today)",
}

@misc{alibaba_access,
    title = "Alibaba Access Documentation",
    url  = "https://www.alibabacloud.com/help/doc-detail/66217.htm",
    addendum = "(visitato: \today)",
}

@misc{alibaba_ecsrole,
    title = "Alibaba ECSRamRole Documentation",
    url  = "https://www.alibabacloud.com/help/doc-detail/54235.htm",
    addendum = "(visitato: \today)",
}

@misc{alibaba_sso,
    title = "Alibaba SSO Documentation",
    url  = "https://www.alibabacloud.com/help/doc-detail/93684.htm",
    addendum = "(visitato: \today)",
}

@misc{saml,
    title = "Security Assertion Markup Language (SAML) V2.0 Technical Overview",
    url  = "http://docs.oasis-open.org/security/saml/Post2.0/sstc-saml-tech-overview-2.0.html",
    addendum = "(visitato: \today)",
}

@misc{gin,
    title = "Github gin-gonic/gin",
    url  = "https://github.com/gin-gonic/gin",
    addendum = "(visitato: \today)",
}

@misc{crud,
    title = "MDN Web Docs Glossary: CRUD",
    url  = "https://developer.mozilla.org/en-US/docs/Glossary/CRUD",
    addendum = "(visitato: \today)",
}

@online{dto,
    author = "Martin Fowler",
    title = "Data Transfer Object",
    url  = "https://martinfowler.com/eaaCatalog/dataTransferObject.html",
    addendum = "(visitato: \today)",
}
